@article{DBLP:journals/csur/CiattoSAMO24,
  author = {Ciatto, Giovanni and Sabbatini, Federico and Agiollo, Andrea and Magnini, Matteo and Omicini, Andrea},
  title = {Symbolic Knowledge Extraction and Injection with Sub-symbolic Predictors: {A} Systematic Literature Review},
  journal = {{ACM} Comput. Surv.},
  volume = {56},
  number = {6},
  pages = {161:1--161:35},
  year = {2024},
  doi = {10.1145/3645103},
  timestamp = {Mon, 15 Apr 2024 08:25:48 +0200},
  biburl = {https://dblp.org/rec/journals/csur/CiattoSAMO24.bib},
  bibsource = {dblp computer science bibliography, https://dblp.org}
}
@inproceedings{DBLP:conf/dlog/MagniniOS24,
  author = {Magnini, Matteo and Ozaki, Ana and Squarcialupi, Riccardo},
  editor = {Giordano, Laura and Jung, Jean Christoph and Ozaki, Ana},
  title = {Actively Learning Ontologies from LLMs: First Results (Extended Abstract)},
  booktitle = {Proceedings of the 37th International Workshop on Description Logics {(DL} 2024), Bergen, Norway, June 18-21, 2024},
  series = {{CEUR} Workshop Proceedings},
  volume = {3739},
  publisher = {CEUR-WS.org},
  year = {2024},
  url = {https://ceur-ws.org/Vol-3739/abstract-18.pdf},
  timestamp = {Wed, 21 Aug 2024 22:46:00 +0200},
  biburl = {https://dblp.org/rec/conf/dlog/MagniniOS24.bib},
  bibsource = {dblp computer science bibliography, https://dblp.org}
}
@inproceedings{DBLP:conf/percom/MontagnaAFPKUM24,
  author = {Montagna, Sara and Aguzzi, Gianluca and Ferretti, Stefano and Pengo, Martino Francesco and Klopfenstein, Lorenz Cuno and Ungolo, Michelangelo and Magnini, Matteo},
  title = {LLM-based Solutions for Healthcare Chatbots: a Comparative Analysis},
  booktitle = {{IEEE} International Conference on Pervasive Computing and Communications Workshops and other Affiliated Events, PerCom 2024 - Workshops, Biarritz, France, March 11-15, 2024},
  pages = {346--351},
  publisher = {{IEEE}},
  year = {2024},
  doi = {10.1109/PERCOMWORKSHOPS59983.2024.10503257},
  timestamp = {Sun, 04 Aug 2024 19:39:16 +0200},
  biburl = {https://dblp.org/rec/conf/percom/MontagnaAFPKUM24.bib},
  bibsource = {dblp computer science bibliography, https://dblp.org}
}
@inproceedings{DBLP:conf/woa/RafanelliMACO24,
  author = {Rafanelli, Andrea and Magnini, Matteo and Agiollo, Andrea and Ciatto, Giovanni and Omicini, Andrea},
  editor = {Alderighi, Marco and Baldoni, Matteo and Baroglio, Cristina and Micalizio, Roberto and Tedeschi, Stefano},
  title = {An Empirical Study on the Robustness of Knowledge Injection Techniques Against Data Degradation},
  booktitle = {Proceedings of the 25th Workshop "From Objects to Agents", Bard (Aosta), Italy, July 8-10, 2024},
  series = {{CEUR} Workshop Proceedings},
  volume = {3735},
  pages = {20--32},
  publisher = {CEUR-WS.org},
  year = {2024},
  url = {https://ceur-ws.org/Vol-3735/paper\_02.pdf},
  timestamp = {Fri, 26 Jul 2024 22:35:03 +0200},
  biburl = {https://dblp.org/rec/conf/woa/RafanelliMACO24.bib},
  bibsource = {dblp computer science bibliography, https://dblp.org}
}
@article{DBLP:journals/aamas/AgiolloRMCO23,
  author = {Agiollo, Andrea and Rafanelli, Andrea and Magnini, Matteo and Ciatto, Giovanni and Omicini, Andrea},
  title = {Symbolic knowledge injection meets intelligent agents: QoS metrics and experiments},
  journal = {Auton. Agents Multi Agent Syst.},
  volume = {37},
  number = {2},
  pages = {27},
  year = {2023},
  doi = {10.1007/S10458-023-09609-6},
  timestamp = {Tue, 12 Sep 2023 07:57:44 +0200},
  biburl = {https://dblp.org/rec/journals/aamas/AgiolloRMCO23.bib},
  bibsource = {dblp computer science bibliography, https://dblp.org}
}
@article{DBLP:journals/cmpb/MagniniCCAO23,
  author = {Magnini, Matteo and Ciatto, Giovanni and Cant{\"{u}}rk, Furkan and Aydogan, Reyhan and Omicini, Andrea},
  title = {Symbolic knowledge extraction for explainable nutritional recommenders},
  journal = {Comput. Methods Programs Biomed.},
  volume = {235},
  pages = {107536},
  year = {2023},
  doi = {10.1016/J.CMPB.2023.107536},
  timestamp = {Tue, 07 May 2024 20:23:31 +0200},
  biburl = {https://dblp.org/rec/journals/cmpb/MagniniCCAO23.bib},
  bibsource = {dblp computer science bibliography, https://dblp.org}
}
@article{DBLP:journals/logcom/MagniniCO23,
  author = {Magnini, Matteo and Ciatto, Giovanni and Omicini, Andrea},
  title = {Knowledge injection of Datalog rules via Neural Network Structuring with {KINS}},
  journal = {J. Log. Comput.},
  volume = {33},
  number = {8},
  pages = {1832--1850},
  year = {2023},
  doi = {10.1093/LOGCOM/EXAD037},
  timestamp = {Tue, 02 Jan 2024 12:25:17 +0100},
  biburl = {https://dblp.org/rec/journals/logcom/MagniniCO23.bib},
  bibsource = {dblp computer science bibliography, https://dblp.org}
}
@inproceedings{DBLP:conf/extraamas/CiattoMBAO23,
  author = {Ciatto, Giovanni and Magnini, Matteo and Buzcu, Berk and Aydogan, Reyhan and Omicini, Andrea},
  editor = {Calvaresi, Davide and Najjar, Amro and Omicini, Andrea and Aydogan, Reyhan and Carli, Rachele and Ciatto, Giovanni and Mualla, Yazan and Fr{\"{a}}mling, Kary},
  title = {A General-Purpose Protocol for Multi-agent Based Explanations},
  booktitle = {Explainable and Transparent {AI} and Multi-Agent Systems - 5th International Workshop, {EXTRAAMAS} 2023, London, UK, May 29, 2023, Revised Selected Papers},
  series = {Lecture Notes in Computer Science},
  volume = {14127},
  pages = {38--58},
  publisher = {Springer},
  year = {2023},
  doi = {10.1007/978-3-031-40878-6\_3},
  timestamp = {Sun, 24 Sep 2023 15:46:11 +0200},
  biburl = {https://dblp.org/rec/conf/extraamas/CiattoMBAO23.bib},
  bibsource = {dblp computer science bibliography, https://dblp.org}
}
@inproceedings{DBLP:conf/aiia/MagniniCO22,
  author = {Magnini, Matteo and Ciatto, Giovanni and Omicini, Andrea},
  editor = {Dovier, Agostino and Montanari, Angelo and Orlandini, Andrea},
  title = {Bridging Symbolic and Sub-Symbolic {AI:} Towards Cooperative Transfer Learning in Multi-Agent Systems},
  booktitle = {Proceedings of the Discussion Papers - 22nd International Conference of the Italian Association for Artificial Intelligence (AIxIA 2022 DP), Udine, Italy, November 28 - December 2, 2022},
  series = {{CEUR} Workshop Proceedings},
  volume = {3419},
  pages = {12--22},
  publisher = {CEUR-WS.org},
  year = {2022},
  url = {https://ceur-ws.org/Vol-3419/paper2.pdf},
  timestamp = {Tue, 04 Jul 2023 16:37:20 +0200},
  biburl = {https://dblp.org/rec/conf/aiia/MagniniCO22.bib},
  bibsource = {dblp computer science bibliography, https://dblp.org}
}
@inproceedings{DBLP:conf/atal/MagniniCO22,
  author = {Magnini, Matteo and Ciatto, Giovanni and Omicini, Andrea},
  editor = {Calvaresi, Davide and Najjar, Amro and Winikoff, Michael and Fr{\"{a}}mling, Kary},
  title = {On the Design of PSyKI: {A} Platform for Symbolic Knowledge Injection into Sub-symbolic Predictors},
  booktitle = {Explainable and Transparent {AI} and Multi-Agent Systems - 4th International Workshop, {EXTRAAMAS} 2022, Virtual Event, May 9-10, 2022, Revised Selected Papers},
  series = {Lecture Notes in Computer Science},
  volume = {13283},
  pages = {90--108},
  publisher = {Springer},
  year = {2022},
  doi = {10.1007/978-3-031-15565-9\_6},
  timestamp = {Tue, 18 Oct 2022 22:16:54 +0200},
  biburl = {https://dblp.org/rec/conf/atal/MagniniCO22.bib},
  bibsource = {dblp computer science bibliography, https://dblp.org}
}
@inproceedings{DBLP:conf/cilc/MagniniCO22,
  author = {Magnini, Matteo and Ciatto, Giovanni and Omicini, Andrea},
  editor = {Calegari, Roberta and Ciatto, Giovanni and Omicini, Andrea},
  title = {{KINS:} Knowledge Injection via Network Structuring},
  booktitle = {Proceedings of the 37th Italian Conference on Computational Logic, Bologna, Italy, June 29 - July 1, 2022},
  series = {{CEUR} Workshop Proceedings},
  volume = {3204},
  pages = {254--267},
  publisher = {CEUR-WS.org},
  year = {2022},
  url = {https://ceur-ws.org/Vol-3204/paper\_25.pdf},
  timestamp = {Fri, 10 Mar 2023 16:22:45 +0100},
  biburl = {https://dblp.org/rec/conf/cilc/MagniniCO22.bib},
  bibsource = {dblp computer science bibliography, https://dblp.org}
}
@inproceedings{DBLP:conf/woa/MagniniCO22,
  author = {Magnini, Matteo and Ciatto, Giovanni and Omicini, Andrea},
  editor = {Ferrando, Angelo and Mascardi, Viviana},
  title = {A view to a {KILL:} knowledge injection via lambda layer},
  booktitle = {Proceedings of the 23rd Workshop "From Objects to Agents", Genova, Italy, September 1-3, 2022},
  series = {{CEUR} Workshop Proceedings},
  volume = {3261},
  pages = {61--76},
  publisher = {CEUR-WS.org},
  year = {2022},
  url = {https://ceur-ws.org/Vol-3261/paper5.pdf},
  timestamp = {Fri, 10 Mar 2023 16:22:40 +0100},
  biburl = {https://dblp.org/rec/conf/woa/MagniniCO22.bib},
  bibsource = {dblp computer science bibliography, https://dblp.org}
}
